<?xml version="1.0" encoding="UTF-8"?><collection xmlns="http://www.loc.gov/MARC21/slim"><record><leader>00327nam--2200121-i-4500</leader><controlfield tag="001">000006400</controlfield><controlfield tag="002">20161230</controlfield><controlfield tag="005">20161230201026</controlfield><controlfield tag="008">060222s1000------------r-----000-0-eng-d</controlfield><datafield ind1=" " ind2=" " tag="245"><subfield code="a">The design of gas-cooled graphite - moderated reactors</subfield></datafield><datafield ind1=" " ind2=" " tag="260"><subfield code="a">London, Oxford University Press, 1963</subfield></datafield><datafield ind1=" " ind2=" " tag="490"><subfield code="a">Xii+692</subfield></datafield><datafield ind1=" " ind2=" " tag="700"><subfield code="a">Poulter, D.R</subfield></datafield></record></collection>